<collection xmlns="http://www.loc.gov/MARC21/slim">
<record>
  <leader>01129nam0a2200217 i 450 </leader>
  <controlfield tag="001">IT\ICCU\CNCE\039605</controlfield>
  <controlfield tag="005">20050624000000.0</controlfield>
  <datafield tag="012" ind1=" " ind2=" ">
    <subfield code="a">a.c. o.e. I.er arn- (S) 1556 (Q)</subfield>
    <subfield code="2">fei</subfield>
  </datafield>
  <datafield tag="100" ind1=" " ind2=" ">
    <subfield code="a">19981031f1556        0itac0103    ba</subfield>
  </datafield>
  <datafield tag="101" ind1=" " ind2=" ">
    <subfield code="a">ITA</subfield>
  </datafield>
  <datafield tag="102" ind1=" " ind2=" ">
    <subfield code="a">IT</subfield>
  </datafield>
  <datafield tag="200" ind1="1" ind2=" ">
    <subfield code="a">Signor Camillo de Massimi. Rispondo al vostro di XXVIII aprile che io credo come dite uoi medesimo che siate scolare et nouo in questo mestiero di caualleria, perci,̣ perche possiate farmi capace delli termini, e regole di questa professione che mostrate uoler commenciare, far ̉bene che ricorrendo a qualche caualliero gli narriate a punto come passasse quella quistione</subfield>
  </datafield>
  <datafield tag="210" ind1=" " ind2=" ">
    <subfield code="d">\1556?!</subfield>
  </datafield>
  <datafield tag="215" ind1=" " ind2=" ">
    <subfield code="a">1 foglio</subfield>
    <subfield code="d">1/2</subfield>
  </datafield>
  <datafield tag="300" ind1=" " ind2=" ">
    <subfield code="a">Il nome dell&apos;autore e la data si ricavano dalla sottoscrizione. - Stampata presumibilmente a Venezia</subfield>
  </datafield>
  <datafield tag="620" ind1=" " ind2=" ">
    <subfield code="a">IT</subfield>
    <subfield code="d">Venezia</subfield>
  </datafield>
  <datafield tag="700" ind1=" " ind2="1">
    <subfield code="a">De_Nores,</subfield>
    <subfield code="b">Franco Maria</subfield>
    <subfield code="3">IT\ICCU\CNCA\010982</subfield>
  </datafield>
  <datafield tag="712" ind1="0" ind2="2">
    <subfield code="a">s.n.</subfield>
    <subfield code="3">IT\ICCU\CNCT\000002</subfield>
    <subfield code="4">650</subfield>
  </datafield>
  <datafield tag="801" ind1=" " ind2="3">
    <subfield code="a">IT</subfield>
    <subfield code="b">ICCU</subfield>
    <subfield code="c">20201114</subfield>
  </datafield>
  <datafield tag="899" ind1=" " ind2=" ">
    <subfield code="a">Biblioteca comunale dell&apos;Archiginnasio. Bologna</subfield>
    <subfield code="1">BO0304</subfield>
    <subfield code="2">UBO GA</subfield>
  </datafield>
  <datafield tag="899" ind1=" " ind2=" ">
    <subfield code="a">Biblioteca dell&apos;Archivio di Stato di Bologna. Bologna</subfield>
    <subfield code="1">BO0409</subfield>
    <subfield code="2">UBO HT</subfield>
  </datafield>
</record>
</collection>
